
@misc{noauthor_nltk_2016,
	title = {{NLTK} vs. {spaCy}: {Natural} {Language} {Processing} in {Python}},
	shorttitle = {{NLTK} vs. {spaCy}},
	url = {https://blog.thedataincubator.com/2016/04/nltk-vs-spacy-natural-language-processing-in-python/},
	abstract = {The venerable NLTK has been the standard tool for natural language processing in Python for some time. It contains an amazing variety of tools, algorithms, and corpuses. Recently, a competitor has arisen in the form of spaCy, which has the goal of providing powerful, streamlined language processing.},
	language = {en-US},
	urldate = {2018-02-18TZ},
	journal = {The Data Incubator},
	month = apr,
	year = {2016}
}

@misc{noauthor_5_2017,
	title = {5 {Heroic} {Python} {NLP} {Libraries}},
	url = {https://elitedatascience.com/python-nlp-libraries},
	abstract = {Do you want to program your own personal AI butler? You're going to need some heroic natural language processing libraries for that. Here are 5 in Python!},
	language = {en-US},
	urldate = {2018-02-18TZ},
	journal = {EliteDataScience},
	month = feb,
	year = {2017}
}

@article{sutton_introduction_2012,
	title = {An {Introduction} to {Conditional} {Random} {Fields}},
	volume = {4},
	issn = {1935-8237, 1935-8245},
	url = {http://www.nowpublishers.com/article/Details/MAL-013},
	doi = {10.1561/2200000013},
	language = {en},
	number = {4},
	urldate = {2018-02-12TZ},
	journal = {Foundations and Trends® in Machine Learning},
	author = {Sutton, Charles},
	year = {2012},
	pages = {267--373}
}

@inproceedings{dietterich_machine_2002,
	title = {Machine learning for sequential data: {A} review},
	shorttitle = {Machine learning for sequential data},
	booktitle = {Joint {IAPR} {International} {Workshops} on {Statistical} {Techniques} in {Pattern} {Recognition} ({SPR}) and {Structural} and {Syntactic} {Pattern} {Recognition} ({SSPR})},
	publisher = {Springer},
	author = {Dietterich, Thomas G.},
	year = {2002},
	pages = {15--30}
}

@inproceedings{ng_discriminative_2002,
	title = {On discriminative vs. generative classifiers: {A} comparison of logistic regression and naive bayes},
	shorttitle = {On discriminative vs. generative classifiers},
	booktitle = {Advances in neural information processing systems},
	author = {Ng, Andrew Y. and Jordan, Michael I.},
	year = {2002},
	pages = {841--848}
}

@article{berger_maximum_1996,
	title = {A maximum entropy approach to natural language processing},
	volume = {22},
	number = {1},
	journal = {Computational linguistics},
	author = {Berger, Adam L. and Pietra, Vincent J. Della and Pietra, Stephen A. Della},
	year = {1996},
	pages = {39--71}
}

@inproceedings{lepage_solving_1998,
	title = {Solving analogies on words: an algorithm},
	shorttitle = {Solving analogies on words},
	booktitle = {Proceedings of the 17th international conference on {Computational} linguistics-{Volume} 1},
	publisher = {Association for Computational Linguistics},
	author = {Lepage, Yves},
	year = {1998},
	pages = {728--734}
}

@inproceedings{stroppa_analogical_2005,
	title = {An analogical learner for morphological analysis},
	booktitle = {Proceedings of the {Ninth} {Conference} on {Computational} {Natural} {Language} {Learning}},
	publisher = {Association for Computational Linguistics},
	author = {Stroppa, Nicolas and Yvon, Francçois},
	year = {2005},
	pages = {120--127}
}

@article{goodman_bit_2001,
	title = {A bit of progress in language modeling},
	volume = {15},
	number = {4},
	journal = {Computer Speech \& Language},
	author = {Goodman, Joshua T.},
	year = {2001},
	pages = {403--434}
}

@book{klavans_balancing_1996,
	title = {The balancing act: {Combining} symbolic and statistical approaches to language},
	volume = {32},
	shorttitle = {The balancing act},
	publisher = {MIT press},
	author = {Klavans, Judith L. and Resnik, Philip},
	year = {1996}
}

@book{noauthor_speech_nodate,
	title = {Speech and {Language} {Processing}},
	keywords = {NLP}
}